<?xml version="1.0" encoding="UTF-8"?>
<collection xmlns:xsi="http://www.w3.org/2001/XMLSchema-instance" xsi:schemaLocation="http://www.loc.gov/MARC21/slim http://www.loc.gov/standards/marcxml/schema/MARC21slim.xsd" xmlns="http://www.loc.gov/MARC21/slim">
<record>
  <leader>01003cam a2200241Ma 4500</leader>
  <controlfield tag="001">3071698</controlfield>
  <controlfield tag="003">NNC</controlfield>
  <controlfield tag="005">20130426015419.0</controlfield>
  <controlfield tag="008">841206m19439999ua            000 1 arard</controlfield>
  <datafield tag="035" ind1=" " ind2=" ">
    <subfield code="a">(OCoLC)ocm23510160</subfield>
  </datafield>
  <datafield tag="035" ind1=" " ind2=" ">
    <subfield code="9">ATP4702CU</subfield>
  </datafield>
  <datafield tag="035" ind1=" " ind2=" ">
    <subfield code="a">(NNC)3071698</subfield>
  </datafield>
  <datafield tag="040" ind1=" " ind2=" ">
    <subfield code="a">EYM</subfield>
    <subfield code="c">EYM</subfield>
    <subfield code="d">ZCU</subfield>
  </datafield>
  <datafield tag="050" ind1=" " ind2="4">
    <subfield code="a">PN595.A7</subfield>
    <subfield code="b">A28</subfield>
  </datafield>
  <datafield tag="099" ind1=" " ind2=" ">
    <subfield code="a">893.791</subfield>
    <subfield code="a">Am54</subfield>
  </datafield>
  <datafield tag="100" ind1="1" ind2=" ">
    <subfield code="a">Amīn, Aḥmad,</subfield>
    <subfield code="d">1886-1954.</subfield>
  </datafield>
  <datafield tag="245" ind1="1" ind2="0">
    <subfield code="a">Qiṣṣat al-adab fī al-ʻālam :</subfield>
    <subfield code="b">kitāb fī thalātat ajzāʾ yaʻruḍu al-adab fī ʻuṣūrihi al-mukhtalifah qadīmah wa-wasīṭah wa-ḥadīthah fī al-sharq wa-al-gharb maʻa namādhij min kull adab /</subfield>
    <subfield code="c">taṣnīf Aḥmad Amīn wa-Zakī Najīb Maḥmūd.</subfield>
  </datafield>
  <datafield tag="260" ind1=" " ind2=" ">
    <subfield code="a">al-Qāhirah :</subfield>
    <subfield code="b">Maktabat al-Nahḍah al-Miṣrīyah,</subfield>
    <subfield code="c">1943-</subfield>
  </datafield>
  <datafield tag="300" ind1=" " ind2=" ">
    <subfield code="a">v. ;</subfield>
    <subfield code="c">26 cm.</subfield>
  </datafield>
  <datafield tag="500" ind1=" " ind2=" ">
    <subfield code="a">At head of title,v. 2-3: Lajnat al-Taʾlīf wa-al-Tarjamah wa-al-Nashr.</subfield>
  </datafield>
  <datafield tag="650" ind1=" " ind2="0">
    <subfield code="a">Literature</subfield>
    <subfield code="x">History and criticism.</subfield>
  </datafield>
  <datafield tag="700" ind1="1" ind2=" ">
    <subfield code="a">Maḥmūd, Zakī Najīb,</subfield>
    <subfield code="d">1905-,</subfield>
    <subfield code="e">author.</subfield>
  </datafield>
  <datafield tag="955" ind1=" " ind2=" ">
    <subfield code="b">0315334759</subfield>
    <subfield code="d">glx</subfield>
    <subfield code="e">893.791 Am54</subfield>
    <subfield code="v">v.1</subfield>
  </datafield>
</record>
</collection>